@Manual{R,
    title = {R: A Language and Environment for Statistical Computing},
    author = {{R Core Team}},
    organization = {R Foundation for Statistical Computing},
    address = {Vienna, Austria},
    year = {2017},
    url = {https://www.R-project.org/},
  }

@Manual{readr,
    title = {readr: Read Rectangular Text Data},
    author = {Hadley Wickham and Jim Hester and Romain Francois},
    year = {2017},
    note = {R package version 1.1.1},
    url = {https://CRAN.R-project.org/package=readr},
  }
@Book{Ma,
    title = {Modern Applied Statistics with S},
    author = {W. N. Venables and B. D. Ripley},
    publisher = {Springer},
    edition = {Fourth},
    address = {New York},
    year = {2002},
    note = {ISBN 0-387-95457-0},
    url = {http://www.stats.ox.ac.uk/pub/MASS4},
  }
  
@Article{G,
    author = {David Kahle and Hadley Wickham},
    title = {ggmap: Spatial Visualization with ggplot2},
    journal = {The R Journal},
    year = {2013},
    volume = {5},
    number = {1},
    pages = {144--161},
    url = {http://journal.r-project.org/archive/2013-1/kahle-wickham.pdf},
  }
  
@BOOK{Castro-03,
  AUTHOR =       {De Castro, Rodrigo},
  TITLE =        {{El Universo \LaTeX}},
  PUBLISHER =    {Unibiblos},
  YEAR =         {2003},
  edition =      {segunda},
  ADDRESS =      {Universidad Nacional de Colombia, Bogot�}
}

@Article{H,
author = {Peter Williams and Thorsten Schnier},
title = {The Harvard Family of Bibliography Styles},
journal = {	The LATEX Project Public Li­cense},
year = {2008},
url={https://ctan.org/pkg/harvard},
}

@TechReport{Census,
author = {Economics and Statistics Administration},
title = {1990 Census of Housing
Detailed Housing
Characteristics
United States},
year = {1993},
}
